<record><leader>00000cas a22000007a 4500</leader><controlfield tag="001">18202759</controlfield><controlfield tag="008">880712d18701871lauwr ne      0    0fre d</controlfield><datafield ind1=" " ind2=" " tag="010"><subfield code="a">sn 88064539 </subfield></datafield><datafield ind1=" " ind2=" " tag="040"><subfield code="a">LNP</subfield><subfield code="b">eng</subfield><subfield code="c">LNP</subfield><subfield code="d">OCLCQ</subfield></datafield><datafield ind1=" " ind2=" " tag="042"><subfield code="a">msc</subfield></datafield><datafield ind1="0" ind2=" " tag="130"><subfield code="a">Avenir (New Orleans, La. : 1870)</subfield></datafield><datafield ind1="1" ind2="2" tag="245"><subfield code="a">L'Avenir.</subfield></datafield><datafield ind1=" " ind2=" " tag="260"><subfield code="a">Nouvelle-Orle&#769;ans [i.e. New Orleans, La.] :</subfield><subfield code="b">L.E. Marchand</subfield></datafield><datafield ind1=" " ind2=" " tag="300"><subfield code="a">v.</subfield></datafield><datafield ind1=" " ind2=" " tag="310"><subfield code="a">Weekly,</subfield><subfield code="b">Jan. 15, 1871-&lt;Oct. 22, 1871&gt;</subfield></datafield><datafield ind1=" " ind2=" " tag="321"><subfield code="a">Semiweekly,</subfield><subfield code="b">&lt;Dec. 8, 1870&gt;-Jan. 12, 1871</subfield></datafield><datafield ind1="1" ind2=" " tag="362"><subfield code="a">Began in 1870? Ceased in 1871?</subfield></datafield><datafield ind1=" " ind2=" " tag="588"><subfield code="a">Description based on: Vol. 5, no 33 (8 de&#769;c. 1870).</subfield></datafield><datafield ind1=" " ind2=" " tag="752"><subfield code="a">United States</subfield><subfield code="b">Louisiana</subfield><subfield code="c">Orleans</subfield><subfield code="d">New Orleans.</subfield></datafield><datafield ind1="0" ind2="0" tag="780"><subfield code="t">E&#769;poque</subfield><subfield code="w">(DLC)sn 86053757</subfield></datafield><datafield ind1="0" ind2="0" tag="785"><subfield code="t">Avenir de la Nouvelle-Orle&#769;ans (New Orleans, La. : 1873)</subfield><subfield code="w">(DLC)sn 86079023</subfield></datafield></record>